@book{slsfa,
    title={Stochastic local search, Foundations and applications},
    author={Holger H.HOOS, Thomas STUTZLE},
    isbn={1-55860-872-9},
    year={2005},
    publisher={Elsevier},
    keywords = {SLS}
}
    
@Book{ luke2013,
       author = { Sean Luke },
       title = { Essentials of Metaheuristics},
       edition = { second },
       year = { 2013 },
       publisher = { Lulu },
       note = { Available for free at http://cs.gmu.edu/$nsim$sean/book/metaheuristics/ }}

@PhDThesis{liu,
title = {Optimisation de Problème de Tournées de Véhicules de Service à Domicile},
author = {Yihan LIU},
school = {Centrale Lille},
year = {2017}}

@manual{manual,
  title        = {OptaPlanner User Guide},
  author       = {Emily Murphy}, 
  organization = {Red Hat},
  edition      = 7.41
}